@article{rtpg,
author = {Olsen, Jacob},
title = {{Realtime Procedural Terrain Generation}},
year = {2004},
pages = {1--20},
month = oct
}

@article{Musgrave,
author = {Musgrave, F Kenton and Kolb, Craig E and Mace, Robert S},
title = {{The synthesis and rendering of eroded fractal terrains.}},
journal = {SIGGRAPH},
year = {1989},
volume = {23},
number = {3},
pages = {41--50}
}
/*

1. https://en.wikipedia.org/wiki/Perlin_noise
2. "Storm Winds" by gnrja https://freesound.org/people/gnrja/sounds/151770/
3. "Medium Wind" by kangaroovindaloo https://freesound.org/people/kangaroovindaloo/sounds/205966/
4. "Deep Ocean Underwater Ambience" by SoundEffectsFactory https://youtu.be/azyK4iDiM8Y
5. Common Snipe (Bird) http://www.xeno-canto.org/254578
6. Yughues Free Ground Materials http://u3d.as/5Tu
7. Yughues Free Sand Materials http://u3d.as/5Te
8. Standard Unity Trees/Asset Pack 
9. Thread Ninja http://u3d.as/6Q2
10. Caustics Generator http://dualheights.se/caustics
11. Wispy Skybox http://u3d.as/9mP

*/