@article{rtpg,
author = {Olsen, Jacob},
title = {{Realtime Procedural Terrain Generation}},
year = {2004},
pages = {1--20},
month = oct
}

@article{Musgrave,
author = {Musgrave, F Kenton and Kolb, Craig E and Mace, Robert S},
title = {{The synthesis and rendering of eroded fractal terrains.}},
journal = {SIGGRAPH},
year = {1989},
volume = {23},
number = {3},
pages = {41--50}
}

